
@Article{DaKrSo13,
  author = 	 {D'Andrea, C. and Krick, T. and Sombra, M.},
  title = 	 {Heights of varieties in multiprojective spaces and arithmetic {N}ullstellens\"atze },
  journal = 	 {Annales scientifiques de l'ENS},
  year = 	 2013,
  volume = 	 46,
  number = 	 4,
  pages = 	 {549-627}}

@Misc{HeJeSaSo02,
  author = 	 {Heintz, J. and Jeronimo, G. and Sabia, J. and Solerno, P.},
  title = 	 {Intersection theory and deformation algorithms: the multi-homogeneous case},
  year = 	 2002}


@article{JeMaSoWa09,
year={2009},
issn={1615-3375},
journal={Foundations of Computational Mathematics},
volume={9},
number={1},
title={Deformation Techniques for Sparse Systems},
publisher={Springer-Verlag},
author={Jeronimo, G. and Matera, G. and Solerno, P. and Waissbein, A.},
pages={1-50},
}
@misc{SaSc16,
  author    = {Mohab Safey El Din and {\'{E}}ric Schost},
  title     = {Bit complexity for multi-homogeneous polynomial system solving Application
               to polynomial minimization},
  volume    = {abs/1605.07433},
  year      = {2016},
  url       = {http://arxiv.org/abs/1605.07433},
}

@article{BaHaPeSo09,
author = {Daniel J. Bates and Jonathan D. Hauenstein and Chris Peterson and Andrew J. Sommese},
title = {A Numerical Local Dimension Test for Points on the Solution Set of a System of Polynomial Equations},
journal = {SIAM Journal on Numerical Analysis},
volume = {47},
number = {5},
pages = {3608-3623},
year = {2009}
}
@ARTICLE{Mourrain97,
  author = {Mourrain, B.},
  title = {Isolated points, duality and residues},
  year = {1997},
  volume = {117/118},
  pages = {469--493},
  note = {Algorithms for algebra (Eindhoven, 1996)},
  journal = {Journal of Pure and Applied Algebra},
}
@book{Matsumura86,
   title = "Commutative Ring Theory",
   author = "Matsumura, H.",
   series = "Cambridge studies in advanced mathematics",
   publisher = "Cambridge University Press",
   year = 1986
}

@misc{stacks-project,
  shorthand    = {Stacks},
  author       = {The {Stacks Project Authors}},
  title        = {\itshape Stacks Project},
  howpublished = {\url{http://stacks.math.columbia.edu}},
  year         = {2016},
}
@article{GS14,
  author    = {Greuet, A. and
               {Safey El Din}, M.},
  title     = {Probabilistic algorithm for polynomial optimization over a real algebraic set},
  journal   = {{SIAM} Journal on Optimization},
  volume    = {24},
  number    = {3},
  pages     = {1313--1343},
  year      = {2014},
}


@article{BGHS14,
  author    = {Bank, B. and
               Giusti, M. and
               Heintz, J. and
               {Safey El Din}, M.},
  title     = {Intrinsic complexity estimates in polynomial optimization},
  journal   = {Journal of Complexity},
  volume    = {30},
  number    = {4},
  pages     = {430--443},
  year      = {2014},
}


@article{ARS,
  title={Real solving for positive dimensional systems},
  author={Aubry, P. and Rouillier, F. and {Safey El Din}, M.},
  journal={Journal of Symbolic Computation},
  volume={34},
  number={6},
  pages={543--560},
  year={2002},
  publisher={Elsevier}
}

@article{BaGiHeLeMaSo15,
year={2015},
issn={1615-3375},
journal={Foundations of Computational Mathematics},
volume={15},
number={1},
title={Degeneracy Loci and Polynomial Equation Solving},
author={Bank, B. and Giusti, M. and Heintz, J. and Lecerf, G. and Matera, G. and Solern\'o, P.},
pages={159-184},
language={English}
}
@book{Lavalle,
  title={Planning Algorithms},
  author={LaValle, S. M.},
  year={2006},
  publisher={Cambridge University Press}
}


@InProceedings{Teissier88,
  author =       {Teissier, B.},
  title =        {Quelques points de l'histoire des vari\'et\'es polaires, de Poncelet \`a nos jours},
  OPTcrossref =  {},
  OPTkey =       {},
  booktitle = {S\'em. Annales Univ. Blaise Pascal},
  year =      {1988},
  OPTeditor =    {},
  volume =    {4},
  OPTnumber =    {},
  OPTseries =    {},
  OPTpages =     {},
  OPTmonth =     {},
  OPTaddress =   {},
  OPTorganization = {},
  OPTpublisher = {},
  OPTnote =      {},
  OPTannote =    {}
}

@inproceedings{Piene78,
  title={Polar classes of singular varieties},
  author={Piene, R.},
  booktitle={Annales Scientifiques de l'{\'E}cole Normale Sup{\'e}rieure},
  volume={11},
  number={2},
  pages={247--276},
  year={1978}
}

    
@incollection{ABRW96,
  title={Zeros, multiplicities, and idempotents for zero-dimensional systems},
  author={Alonso, {M.-E.} and Becker, E. and Roy, M.-F. and W{\"o}rmann, T.},
  booktitle={Algorithms in Algebraic Geometry and Applications},
  pages={1--15},
  year={1996},
  publisher={Springer}
}

@inProceedings {GiMo89,
    AUTHOR = {Gianni, P. and Mora, T.},
     TITLE = {Algebraic solution of systems of polynomial equations using
              {G}roebner bases},
 BOOKTITLE = {AAECC},
    SERIES = {LNCS},
    VOLUME = {356},
     PAGES = {247--257},
 PUBLISHER = {Springer},
      YEAR = {1989},
}

@book{Macaulay16,
   author    = {F. S. Macaulay},
   title     = {The Algebraic Theory of Modular Systems},
   year      = 1916,
   publisher = {Cambridge University Press},
   owner     = {LM}
}
@article{Kronecker82,
   author    = {L. Kronecker},
   title     = {Grundz{\"u}ge einer arithmetischen {T}heorie der
       algebraischen {G}r{\"o}ssen},
   journal   = {Journal f\"ur die reine und angewandte Mathematik},
   year      = 1882,
   volume    = 92,
   pages     = {1--122},
   owner     = {FB Math. UniDO}
}

@article{EN62,
  title={Ideals defined by matrices and a certain complex associated with them},
  author={Eagon, J. and Northcott, D.},
  journal={Proceedings of the Royal Society of London. Series A. Mathematical and Physical Sciences},
  volume={269},
  number={1337},
  pages={188--204},
  year={1962},
  publisher={The Royal Society}
}

@book{CLO,
  title={Ideals, Varieties, and Algorithms},
  author={Cox, D. and and Little, J. and O'Shea, D.},
  year={2007},
  publisher={Springer}
}


@article{BaRo13,
  author    = {S. Basu and {M.-F.} Roy},
  title     = {Divide and conquer roadmap for algebraic sets},
  year      = {2014 },
journal = {Discrete and Computational Geometry},
volume = {52},
pages = {278--343}
}



@inproceedings{PaSc06,
 author = {Pascal, C. and Schost, \'{E}.},
 title = {Change of order for bivariate triangular sets},
 booktitle = {ISSAC'06},
 year = {2006},
 pages = {277--284},
 publisher = {ACM},
 }

@article {DuLe08,
    AUTHOR = {Durvye, C. and Lecerf, G.},
     TITLE = {A concise proof of the {K}ronecker polynomial system solver
              from scratch},
   JOURNAL = {Expo. Math.},
  FJOURNAL = {Expositiones Mathematicae},
    VOLUME = {26},
      YEAR = {2008},
    NUMBER = {2},
     PAGES = {101--139},
}
@book{BuClSh97,
author={P. B\"urgisser and M. Clausen and A. Shokrollahi},
title= {Algebraic complexity theory},
publisher={Springer},
year={1997},
}

@InProceedings{Reischert97,
  author = 	 {Reischert, D.},
  title = 	 {Asymptotically Fast Computation of Subresultants},
  booktitle = {ISSAC'97},
  pages = 	 {233--240},
  year = 	 {1997},
  publisher = {ACM},
}

@Article{DaJiMoSc08,
  author = 	 {Dahan, X. and Jin, X. and {Moreno Maza}, M. and Schost, {\'E}.},
  title = 	 {Change of order for regular chains in positive dimension},
  journal = 	 {Theoretical Computer Science},
  year = 	 2008,
  volume = 392,
  number = {1--3},
pages = {37--65},
}

@InProceedings{DaMMMScXi06,
 author =       {X.~{Dahan} and M.~{{Moreno Maza}} and {\'E}.~{Schost} and Y.~{Xie}},
 title =        {On the complexity of the {D5} principle},
 booktitle =    {Transgressive Computing},
 year =         2006,
}

@Book{GaGe99,
  author =	 {J. \gathen{von zur} Gathen and J. Gerhard},
  title = 	 {Modern Computer Algebra},
  publisher = 	 {Cambridge University Press},
  year = 	 1999
}

@article{PoSc13,
title = "On the complexity of computing with zero-dimensional triangular sets",
journal = "Journal of Symbolic Computation",
volume = "50",
number = "0",
pages = "110 - 138",
year = "2013",
author = "Poteaux, A. and Schost, {\'E}."
}


@book{BeWe93,
   author    = {V. Weispfenning and T. Becker},
   title     = {Groebner Bases: a Computational Approach to Commutative Algebra},
   year      = {1993},
   publisher = {Springer},
   volume    = {141},
   series    = {Graduate Texts in Mathematics}
}



@article{ADCM03,
  title={Inversion of two level circulant matrices over $\mathbb{Z}_p$},
  author={Accettella, {C. J.} and Del Corso, {G. M.} and Manzini, G.},
  journal={Linear algebra and its applications},
  volume={366},
  pages={5--23},
  year={2003},
  publisher={Elsevier}
}


@Article{BaurStrassen,
  author = 	 {Baur, W. and Strassen, V.},
  title = 	 {The complexity of partial derivatives},
  journal = 	 {Theoretical Computer Science},
  year = 	 {1983},
  OPTkey = 	 {},
  volume = 	 {22},
  OPTnumber = 	 {},
  pages = 	 {317-330},
  OPTmonth = 	 {},
  OPTnote = 	 {},
  OPTannote = 	 {}
}


@Article{BRSS,
  author = 	 {Basu, S. and Roy, M.-F. and {Safey El Din}, M. and Schost, {\'E}.},
  title = 	 {A baby-step giant-step roadmap algorithm for general real algebraic sets},
  journal = 	 {Foundations of Computational Mathematics},
  year = 	 {2014},
  OPTkey = 	 {},
  volume = 	 {14},
  number = 	 {6},
  pages = 	 {1117-1172},
  OPTmonth = 	 {},
  OPTnote = 	 {},
  OPTannote = 	 {}
}



@InProceedings{vanderWaerden29,
  author =       {van der Waerden, B.-L.},
  title =        {On {H}ilbert's function, series of composition of ideals and a generalization of a theorem of Bezout},
  booktitle = {Proc. Roy. Acad. Amsterdam},
  pages =        {749-770},
  year =         1929,
  volume =       31}

@Article{vanderWaerden78,
  author =       {van der Waerden, B.-L.},
  title =        {On varieties in multiple-projective spaces},
  journal =      {Indag. Math.},
  year =         1978,
  volume =       40,
  number =       2,
  pages =        {303-312}}


@book{eisenbud2000,
  title={{The Geometry of Schemes: Euclid and Beyond}},
  author={Eisenbud, D. and Harris, J.},
  year={2000},
  publisher={Springer Verlag}
}

@book{singular,
  title={{A Singular introduction to commutative algebra}},
  author={Greuel, G.M. and Pfister, G.},
  year={2008},
  publisher={Springer Verlag}
}

@Article{SaSc11,
  author = 	 {{Safey El Din}, M. and {Schost}, {\'E}.},
  title = 	 {A baby steps/giant steps probabilistic algorithm for computing roadmaps in smooth bounded real hypersurface},
  journal = 	 {Discrete and Computational Geometry},
  year = 	 {2011},
  OPTkey = 	 {},
  volume = 	 {45},
  number = 	 {1},
  pages = 	 {181--220},
  OPTmonth = 	 {},
  OPTnote = 	 {},
  OPTannote = 	 {}
}


@Article{Duval89,
  author = 	 {Duval, D.},
  title = 	 {Rational {P}uiseux expansions},
  journal = 	 {Compositio Mathematica},
  year = 	 1989,
  volume = 	 70,
  number = 	 2,
  pages = 	 {119-154}}




@INCOLLECTION{BPR98,
  author = {Basu, S. and Pollack, R. and Roy, M.-F.},
  title = {A new algorithm to find a point in every cell defined by a family of 
polynomials},
  booktitle = {Quantifier elimination and cylindrical algebraic decomposition},
  publisher = {Springer-Verlag},
  year = {1998}
}


@Article{Strassen73,
  author = 	 {V. Strassen},
  title = 	 {Vermeidung von Divisionen},
  journal = 	 {J. Reine Angew. Math.},
  year = 	 1973,
  volume = 	 264,
  pages = 	 {184-202}}

@Article{BGHSS,
  author = 	 {Bank, B. and Giusti, M. and Heintz, J. and {Safey El
                  Din}, M. and Schost, \'E.},
  title = 	 {On the geometry of polar varieties},
  journal = 	 {Applicable Algebra in Engineering, Communication and Computing},
  pages = {33-83},
  year = 	 2010}



@ARTICLE{fglm,
  author = {Faug\`ere, J.-C. and Gianni, P. and Lazard, D. and Mora, T.},
  title = {Efficient Computation of Zero-Dimensional {G}r\"obner Bases by Change of Ordering},
  journal = {Journal of Symbolic Computation},
  year = {1993},
  volume = {16},
  number = {4},
  pages = {329--344},
}

@Article{RRS,
       CRINNUMBER = {A00-R-473},
       CATEGORY = {1},
       EQUIPE = {SPACES},
       AUTHOR  = {Rouillier, F. and Roy, M.-F. and {Safey El Din}, M.},
       TITLE = {{Finding at least one point in each connected component  of a re
al algebraic set defined by a single equation}},
       JOURNAL = {Journal of Complexity},
       YEAR = 2000,
       VOLUME = {16},
       PAGES = {716-750},
}



@Article{Jelonek,
  author = 	 {Z. Jelonek},
  title = 	 {Testing sets for properness of polynomial mappings},
  journal = 	 {Mathematische Annalen},
  year = 	 1999,
  volume = 	 315,
  number = 	 1,
  pages = 	 {1-35}}

@Article{Canny,
  author = 	 {Canny, J.},
  title = 	 {Computing roadmaps in general semi-algebraic sets},
  journal = 	 {Computer Journal},
  year = 	 1993,
  volume = 	 36,
  number = 	 5,
  pages = 	 {504--514}}



@Article{CoSh,
  author = 	 {Coste, M. and Shiota, M.},
  title = 	 {Nash triviality in families of Nash manifolds},
  journal = 	 {Inventiones Mathematicae},
  year = 	 1992,
  volume = 	 108,
  number = 	 1,
  pages = 	 {349-368}}

@inproceedings{BaPoRo96,
  author    = {Basu, S. and
               Pollack, R. and
               Roy, M.-F.},
  title     = {Computing roadmaps of semi-algebraic sets (extended abstract)},
  booktitle = {STOC'96},
  year      = 1996,
  pages     = {168-173},
publisher = {ACM}
}


@incollection{GiHe93,
   author    = {Giusti, M. and  Heintz, J.},
   title     = {La d{\'e}termination des points isol{\'e}s et de la dimension d'une vari{\'e}t{\'e} alg{\'e}brique peut se faire en temps polynomial},
   booktitle = {Computational Algebraic Geometry and Commutative Algebra},
   year      = 1993,
   publisher = {Cambridge University Press},
   pages     = {216--256},
   series    = {Symposia Matematica},
   volume    = {XXXIV}
}

@InCollection{FiGiSm95,
  author = 	 {Fitchas, N. and Giusti, M. And Smietanski, F.},
  title = 	 {Sur la complexit{\'e} du th{\'e}or{\`e}me des z{\'e}ros},
  booktitle = 	 {Approximation and Optimization in the Caribbean II},
  pages = 	 {247--329},
  publisher = {Verlag Peter Lang},
  year = 	 1995,
  volume = 	 8,
  series = 	 {Approximation and Optimization}}


@Article{Rouillier99,
  author =       {Rouillier, F.},
  category      = 1,
  title =        {Solving zero-dimensional systems through the 
                 {R}ational {U}nivariate {R}epresentation},
  journal = {Applicable Algebra in Engineering, Communication and Computing},
  year =         1999,
  volume =       9,
  number =       5,
  pages =        {433--461}
}

@inproceedings{D5,
  author =       "J. {Della Dora} and C. Discrescenzo and D. Duval",
  title =        "About a new method for computing in algebraic
                  number fields",
  booktitle =    "EUROCAL'85",
  year =         1985,
  volume =       204,
  series = "LNCS",
  publisher =    "Springer",
pages = {289--290}

}



@Article{Boardman67,
  author = 	 {Boardman, J. M.},
  title = 	 {Singularities of differentiable maps},
  journal = 	 {Publ. Math. Inst. Hautes {\'E}tudes Sci.},
  year = 	 1967,
  volume = 	 33,
  pages = 	 {21--57}}

@Article{Thom55,
  author = 	 {Thom, R.},
  title = 	 {Les singularit{\'e}s des applications diff{\'e}rentiables},
  journal = 	 {Ann. Inst. Fourier},
  year = 	 {1955-56},
  volume = 	 6,
  pages = 	 {43--87}}

@article{Heintz83,
   author    = {Heintz, J.},
   title     = {Definability and fast quantifier elimination in algebraically closed fields},
  journal={Theoretical Computer Science},
   year      = 1983,
   volume    = 24,
   number    = 3,
   pages     = {239--277},
}




@Article{Todd37,
  author = 	 {Todd, {J. A.}},
  title = 	 {The arithmetical invariants of algebraic loci},
  journal = 	 {Proc. Lond. Math. Soc.},
  year = 	 1937,
  volume = 	 43,
  pages = 	 {190--225}}

@Book{BrDaTrOk07,
  editor = 	 {Brasselet, J.-P. and Damon, J. and Trang, {L.~D}. and Oka, M.},
  title = 	 {Singularities in geometry and topology},
  publisher = 	 {World Scientific},
  year = 	 2007}




@Book{Shafarevich77,
  author =       {Shafarevich, I.},
  title =        {Basic Algebraic Geometry 1},
  publisher =    {Springer Verlag},
  year =         1977
}


@Article{GRRoadmap,
  author = 	 {Gournay, L. and Risler, J.-J.},
  title = 	 {Construction of roadmaps in semi-algebraic sets},
  journal = 	 {Appl. Alg. Eng. Comm. Comp.},
  year = 	 1993,
  volume = 	 4,
  number = 	 4,
  pages = 	 {239-252}}

@InCollection{HRSRoadmap,
  author = 	 {Heintz, J. and Roy, M.-F. and  Solern\'o, P.},
  title = 	 {Single exponential path finding in semi-algebraic sets {II}: The general case},
  booktitle = 	 {Algebraic geometry and its applications, collections of papers from 
Abhyankar's 60-th birthday conference},
  publisher = {Purdue University, West-Lafayette},
  year = 	 1994}

@Article{BPRRoadmap,
  author = 	 {Basu, S. and Pollack, R. and Roy, M.-F.},
  title = 	 {Computing roadmaps of semi-algebraic sets on a variety},
  journal = 	 {Journal of the AMS},
  year = 	 {1999},
  OPTkey = 	 {},
  volume = 	 {3},
  number = 	 {1},
  pages = 	 {55-82},
  OPTmonth = 	 {},
  OPTnote = 	 {},
  OPTannote = 	 {}
}



	
@article {ScSh83,
    AUTHOR = {Schwartz, J. T. and Sharir, M.},
     TITLE = {On the ``piano movers'' problem. {II}. {G}eneral techniques
              for computing topological properties of real algebraic
              manifolds},
   JOURNAL = {Adv. in Appl. Math.},
  FJOURNAL = {Advances in Applied Mathematics},
    VOLUME = {4},
      YEAR = {1983},
    NUMBER = {3},
     PAGES = {298--351},
}

@inproceedings{HeSc80,
 author = {J. Heintz and C. P. Schnorr},
 title = {Testing polynomials which are easy to compute (Extended Abstract)},
 booktitle = {STOC},
 year = {1980},
 pages = {262--272},
 publisher = {ACM}
}

@article {AlBaOt01,
    AUTHOR = {Alzati, A. and Ballico, E. and Ottaviani, G.},
     TITLE = {The theorem of {M}ather on generic projections for singular
              varieties},
   JOURNAL = {Geom. Dedicata},
  FJOURNAL = {Geometriae Dedicata},
    VOLUME = {85},
      YEAR = {2001},
    NUMBER = {1-3},
     PAGES = {113--117},
}
		
@Book{ZaSa58,
  author = 	 {Zariski, O. and Samuel, P.},
  title = 	 {Commutative Algebra},
  publisher = 	 {Van Nostrand},
  year = 	 1958
}

@article {AlOt92,
    AUTHOR = {Alzati, A. and Ottaviani, G.},
     TITLE = {The theorem of {M}ather on generic projections in the setting
              of algebraic geometry},
   JOURNAL = {Manuscripta Math.},
  FJOURNAL = {Manuscripta Mathematica},
    VOLUME = {74},
      YEAR = {1992},
    NUMBER = {4},
     PAGES = {391--412},
}




@article {Mather73,
    AUTHOR = {Mather, J. N.},
     TITLE = {Generic projections},
  JOURNAL = {Annals of Mathematics},
    VOLUME = {98},
      YEAR = {1973},
     PAGES = {226--245},
      ISSN = {0003-486X},
   MRCLASS = {58C25},
  MRNUMBER = {MR0362393 (50 \#14835)},
MRREVIEWER = {J. M. Boardman},
}
		


@INPROCEEDINGS{SaSc03,
  AUTHOR = {M. {Safey El Din} and \'E. Schost},
  TITLE = {Polar varieties and computation of one point in each connected component of a smooth real algebraic set},
  BOOKTITLE = {ISSAC'03},
  PUBLISHER = {ACM},
  year = 2003,
  pages = {224--231}
}

@Article{BaGiHeMb01,
  author =       {Bank, B. and Giusti, M. and Heintz, J. and Mbakop, G.-M.},
  title =        {Polar varieties and efficient real elimination},
  journal =      {Mathematische Zeitschrift},
  year =         2001,
  volume = 238,
  number = 1,
  pages = {115--144}
}

@Article{BaGiHePa05,
  author =       {Bank, B. and Giusti, M. and Heintz, J. and Pardo, L.-M.},
  title =        {Generalized polar varieties: geometry and algorithms},
  journal =      {Journal of Complexity},
  year =         2005,
  volume = 21,
  number = 4,
  pages = {377--412}
}

@Article{BaGiHeMb97,
  author =       {Bank, B. and Giusti, M. and Heintz, J. and Mbakop, G.-M.},
  title =        {Polar varieties and efficient real equation solving: the hypersurface case},
  journal =      {Journal of Complexity},
  year =         1997,
  volume = 13,
  number = 1,
  pages = "5--27"
}



@book {BoCoRo98,
    AUTHOR = {Bochnak, J. and Coste, M. and Roy, M.-F.},
     TITLE = {Real Algebraic Geometry},
    SERIES = {Ergebnisse der Mathematik und ihrer Grenzgebiete},
    VOLUME = {36},
 PUBLISHER = {Springer-Verlag},
      YEAR = {1998},
}



@Book{Mumford76,
  author =       "Mumford, D.",
  title =        "Algebraic Geometry I, Complex Projective Varieties",
  publisher =    "Springer Verlag",
  year =         1976,
  series =    {Classics in Mathematics}

}

@incollection{Wall75,
  title={Regular stratifications},
  author={Wall, C.},
  booktitle={Dynamical Systems—Warwick 1974},
  pages={332--344},
  year={1975},
  publisher={Springer}
}
@Article{Whitney65,
  author =       {Whitney, H.},
  title =        {Tangents to an analytic variety},
  journal =      {Annals of Mathematics},
  year =         {1965},
  volume =    {81},
  pages =     {496--549}
}

@article{Ran98,
year={1998},
issn={0179-5376},
journal={Discrete and Computational Geometry},
volume={19},
number={1},
doi={10.1007/PL00009335},
title={The Complexity of Stratification Computation},
url={http://dx.doi.org/10.1007/PL00009335},
publisher={Springer-Verlag},
author={Rannou, E.},
pages={47-78},
language={English}
}
@inproceedings{CoSh95,
  title={Thom's first isotopy lemma: semialgebraic version, with uniform bound},
  author={Coste, M. and Shiota, M.},
  booktitle={Real Analytic and Algebraic Geometry: Proceedings of the International Conference, Trento (Italy), September 21-25th, 1992},
  pages=83,
  year=1995,
  organization={Walter de Gruyter}
}

@book{BCR,
  title={Real algebraic geometry},
  author={Bochnak, J. and Coste, M. and Roy, M.-F.},
  volume={36},
  year={1998},
  publisher={Springer-Verlag}
}

@book{Shiota2012,
  title={Geometry of subanalytic and semialgebraic sets},
  author={Shiota, M.},
  volume=150,
  year=2012,
  publisher={Springer Science \& Business Media}
}


@article{SaSc13,
  title={A nearly optimal algorithm for deciding connectivity queries in smooth and bounded real algebraic sets},
  author={Safey El Din, M. and Schost, \'E.},
  journal={arXiv preprint arXiv:1307.7836},
  year={2013}
}

@INPROCEEDINGS{Reischert97,
  AUTHOR = {Reischert, D.},
  TITLE = {Asymptotically fast computation of subresultants},
  BOOKTITLE = {ISSAC'97},
  YEAR = 1997,
publisher = {ACM},
pages = {233--240}
}

@book{SoWa05,
  title={The numerical solution of systems of polynomials arising in engineering and science},
  author={Sommese, {A. J.} and Wampler, {C. W.}},
  year={2005},
  publisher={World Scientific}
}


@Article{MoSo87,
  author = 	 {A. Morgan and {A. J.} Sommese},
  title = 	 {A homotopy for solving general polynomial systems that respects $m$-homogeneous structures},
  journal = 	 {Applied Mathematics and Computations},
  year = 	 1987,
  volume = 	 24,
  pages = 	 {101-113}}

@book{KrRo05,
  title={Computational commutative algebra},
  author={Kreuzer, M. and Robbiano, L.},
  number={v. 2},
  series={Computational Commutative Algebra},
  year={2005},
  publisher={Springer}
}

@InProceedings{ABRW,
  author = 	 {Alonso, M. E. and Becker, E. and Roy, M.-F. and W{\"o}rmann, T.},
  title = 	 {Zeroes, multiplicities and idempotents for zerodimensional systems},
  booktitle = {Algorithms in algebraic geometry and applications. Proceedings of MEGA'94},
  pages = 	 {1-15},
  year = 	 {1996},
  volume = 	 {142},
  series = 	 {Progress in Mathematics},
  publisher = {Birkha\"user}
}


@article{GiHeMoMoPa98,
author={M.~Giusti and  J.~Heintz and  J.-E.~Morais and J.~Morgenstern and L.-M.~Pardo},
title={Straight-line programs in geometric elimination theory},
year={1998},
journal={J. of Pure and Applied Algebra},
volume={124},
pages={101-146},
}


@inproceedings{GiHeMoPa95,
author={M.~Giusti and  J.~Heintz and  J.-E. Morais and L.-M. Pardo},
title={When polynomial equation systems can be solved fast?},
pages={205-231},
booktitle={AAECC-11},
volume={948},
series={LNCS},
publisher={Springer},
year={1995},
}

@article{GiHeMoPa97,
author={M.~Giusti and J.~Heintz and  J.-E. Morais and L.-M. Pardo},
title={Le r{\^o}le des structures de donn{\'e}es dans les probl{\`e}mes d'{\'e}limination},
journal={C. R. Acad. Paris},
pages={1223-1228},
volume={325},
year={1997},
}



@Book{AtMc,
  author = 	 {Atiyah, M. and MacDonald, I.},
  title = 	 {Introduction to Commutative Algebra},
  publisher = 	 {Addison-Wesley},
  year = 	 1969,
  series = 	 {Addison-Wesley Series in Mathematics}}





@Article{GiLeSa01,
  author =       {M. Giusti and G. Lecerf and B. Salvy},
  title =        {A {G}r{\"o}bner-free alternative for polynomial system solving},
  journal =      {Journal of Complexity},
  year =         2001,
  volume =       17,
  number =       1,
  pages =        {154--211}
}

@Article{Cannysas,
  author = 	 {J. Canny},
  title = 	 {Computing roadmaps of general semi-algebraic sets},
  journal = 	 {Computer Journal},
  year = 	 1993,
  volume = 	 36,
  number = 	 5,
  pages = 	 {504-514}}

@article{Schost03,
  author = "Schost, {\'E}.",
  title = "Computing parametric geometric resolutions",
  journal = "Appl. Algebra Engrg. Comm. Comput.",
  volume=13,
  number=5,
  pages="349--393",
  year=2003,
}

@INPROCEEDINGS{Lecerf2000,
  AUTHOR = {Lecerf, G.},
  TITLE = {Computing an Equidimensional Decomposition of an Algebraic Variety by means of Geometric Resolutions},
  BOOKTITLE = {ISSAC'00},
  YEAR = 2000,
publisher = {ACM},
pages = {209--216}
}


@ARTICLE{Lecerf03,
  AUTHOR = {Lecerf, G.},
  TITLE = {Computing the Equidimensional Decomposition of an Algebraic Closed Set by means of Lifting Fibers},
  JOURNAL = {Journal of Complexity},
  VOLUME = {19},
  YEAR = {2003},
  NUMBER = {4},
  PAGES = {564--596},
}

@PhdThesis{CannyThese,
  author = 	 {Canny, J.},
  title = 	 {The complexity of robot motion planning},
  school = 	 {MIT},
  year = 	 1987}

@book {BaPoRo06,
    AUTHOR = {Basu, S. and Pollack, R. and Roy, M.-F.},
     TITLE = {Algorithms in real algebraic geometry},
    SERIES = {Algorithms and Computation in Mathematics},
    VOLUME = {10},
   EDITION = {Second},
 PUBLISHER = {Springer-Verlag},
      YEAR = {2006},
}


	

@Book{Eisenbud95,
  author =       {Eisenbud, D.},
  publisher =    {Springer-Verlag},
  title =        {Commutative algebra with a view toward algebraic geometry},
  year =         1995,
  volume =    150,
  series =    {Graduate Texts in Mathematics}
}

